@book{mishkin,
  title={The Economics of Money, Banking, and Financial Markets},
  author={Mishkin, Frederic S.},
  year={2019},
  publisher={Pearson}
}

@article{nakamoto,
  title={Bitcoin: A Peer-to-Peer Electronic Cash System},
  author={Nakamoto, Satoshi},
  year={2008},
  journal={www.bitcoin.org}
}

@book{menger,
  title={Principles of Economics},
  author={Menger, Carl},
  year={1871},
  publisher={Ludwig von Mises Institute}
}
@book{schumpeter,
  title={Capitalism, Socialism and Democracy},
  author={Schumpeter, Joseph A.},
  year={1942},
  publisher={Harper & Brothers}
}

@book{north,
  title={Institutions, Institutional Change and Economic Performance},
  author={North, Douglass C.},
  year={1990},
  publisher={Cambridge University Press}
}

@article{romer,
  title={Endogenous Technological Change},
  author={Romer, Paul M.},
  journal={Journal of Political Economy},
  volume={98},
  number={5},
  pages={S71--S102},
  year={1990}
}
@book{marshall,
  title={Principles of Economics},
  author={Marshall, Alfred},
  year={1890},
  publisher={Macmillan}
}

@book{smith,
  title={An Inquiry into the Nature and Causes of the Wealth of Nations},
  author={Smith, Adam},
  year={1776},
  publisher={W. Strahan and T. Cadell, London}
}

@book{schumpeter,
  title={Capitalism, Socialism and Democracy},
  author={Schumpeter, Joseph A.},
  year={1942},
  publisher={Harper & Brothers}
}

@article{digitalEconomy,
  title={The Impact of Digital Technology on Economic Theory and Practice},
  author={Author, A.},
  journal={Journal of Digital Economics},
  year={Year},
  volume={Volume},
  number={Issue},
  pages={Pages}
}
@book{friedman,
  title={Capitalism and Freedom},
  author={Friedman, Milton},
  year={1962},
  publisher={University of Chicago Press}
}

@book{hayek,
  title={The Road to Serfdom},
  author={Hayek, Friedrich A.},
  year={1944},
  publisher={University of Chicago Press}
}

@book{marx,
  title={Das Kapital},
  author={Marx, Karl},
  volume={1},
  year={1867},
  publisher={Verlag von Otto Meisner}
}

@article{mixedEconomy,
  title={The Dynamics of Mixed Economies},
  author={Author, A.},
  journal={Journal of Economic Perspectives},
  year={Year},
  volume={Volume},
  number={Issue},
  pages={Pages}
}
@book{smith,
  title={An Inquiry into the Nature and Causes of the Wealth of Nations},
  author={Smith, Adam},
  year={1776},
  publisher={W. Strahan and T. Cadell, London}
}

@book{marx,
  title={Capital: A Critique of Political Economy},
  author={Marx, Karl},
  volume={1},
  year={1867},
  publisher={Verlag von Otto Meisner}
}

@book{sweezy,
  title={The Theory of Capitalist Development: Principles of Marxian Political Economy},
  author={Sweezy, Paul M.},
  year={1942},
  publisher={Monthly Review Press}
}

@article{socialismToday,
  title={Contemporary Analysis of Socialism and Capital Distribution},
  author={Author, A.},
  journal={Journal of Modern Economic Systems},
  year={Year},
  volume={Volume},
  number={Issue},
  pages={Pages}
}
@book{becker,
  title={Human Capital: A Theoretical and Empirical Analysis, with Special Reference to Education},
  author={Becker, Gary S.},
  year={1964},
  publisher={The University of Chicago Press}
}

@book{solow,
  title={The Theory of Economic Growth},
  author={Solow, Robert M.},
  year={1956},
  publisher={Princeton University Press}
}

@book{smith,
  title={An Inquiry into the Nature and Causes of the Wealth of Nations},
  author={Smith, Adam},
  year={1776},
  publisher={W. Strahan and T. Cadell, London}
}

@article{modernResearch,
  title={The Value of Education and Training in the Development of Human Capital},
  author={Author, A.},
  journal={Journal of Educational Economics},
  year={Year},
  volume={Volume},
  number={Issue},
  pages={Pages}
}
@article{hayek1945,
  title={The Use of Knowledge in Society},
  author={Hayek, Friedrich A.},
  journal={American Economic Review},
  volume={35},
  number={4},
  pages={519--530},
  year={1945}
}

@book{hayek1948,
  title={Individualism and Economic Order},
  author={Hayek, Friedrich A.},
  year={1948},
  publisher={University of Chicago Press}
}

@article{modernEconomic,
  title={The Relevance of Hayek's Decentralized Information in Modern Economic Systems},
  author={Author, A.},
  journal={Contemporary Economic Policy},
  year={Year},
  volume={Volume},
  number={Issue},
  pages={Pages}
}
@book{putnam,
  title={Bowling Alone: The Collapse and Revival of American Community},
  author={Putnam, Robert D.},
  year={2000},
  publisher={Simon & Schuster}
}

@book{scott,
  title={Seeing Like a State: How Certain Schemes to Improve the Human Condition Have Failed},
  author={Scott, James C.},
  year={1998},
  publisher={Yale University Press}
}

@article{politicalComparative,
  title={Comparative Analysis of Bottom-Up and Top-Down Approaches in Political Governance},
  author={Author, A.},
  journal={Journal of Political Science},
  year={Year},
  volume={Volume},
  number={Issue},
  pages={Pages}
}
@misc{anthroStudies,
  title={Empirical Observations of Tribal Societies},
  author={Author, A.},
  note={Anthropological Study},
  year={Year}
}

@book{fukuyama,
  title={The Origins of Political Order: From Prehuman Times to the French Revolution},
  author={Fukuyama, Francis},
  year={2011},
  publisher={Farrar, Straus and Giroux}
}

@misc{evolutionaryAnthro,
  title={Evolutionary Perspectives on Early Human Social Structure},
  author={Author, A.},
  note={Evolutionary Anthropology Research},
  year={Year}
}

@book{keeley,
  title={War Before Civilization},
  author={Keeley, Lawrence H.},
  year={1996},
  publisher={Oxford University Press}
}
@misc{textbook,
  title={Foundational Concepts in Political Science},
  author={Author, A.},
  note={Political Science Textbook},
  year={Year}
}

@book{paxton,
  title={The Anatomy of Fascism},
  author={Paxton, Robert O.},
  year={2004},
  publisher={Alfred A. Knopf}
}

@book{dyeZeigler,
  title={The Irony of Democracy: An Uncommon Introduction to American Politics},
  author={Dye, Thomas R. and Zeigler, L. Harmon},
  edition={17},
  year={2015},
  publisher={Cengage Learning}
}

@article{comparativePolitics,
  title={Autocratic and Oligarchic Tendencies in Comparative Perspective},
  author={Author, A.},
  journal={Journal of Comparative Politics},
  year={Year},
  volume={Volume},
  number={Issue},
  pages={Pages}
}
@misc{democracyText,
  title={Principles of Direct Democracy},
  author={Author, A.},
  note={Political Science Text},
  year={Year}
}

@book{ober,
  title={Democracy and Knowledge: Innovation and Learning in Classical Athens},
  author={Ober, Josiah},
  year={2008},
  publisher={Princeton University Press}
}

@misc{modernReferendums,
  title={The Role of Referendums in Modern Democratic Systems},
  author={Author, A.},
  note={Study on Modern Political Practices},
  year={Year}
}

@article{comparativeDemocracy,
  title={Direct vs Representative Democracy: A Comparative Analysis},
  author={Author, A.},
  journal={Journal of Democracy Studies},
  year={Year},
  volume={Volume},
  number={Issue},
  pages={Pages}
}
@misc{democracyText,
  title={Principles of Direct Democracy},
  author={Author, A.},
  note={Political Science Text},
  year={Year}
}

@book{ober,
  title={Democracy and Knowledge: Innovation and Learning in Classical Athens},
  author={Ober, Josiah},
  year={2008},
  publisher={Princeton University Press}
}

@misc{modernReferendums,
  title={The Role of Referendums in Modern Democratic Systems},
  author={Author, A.},
  note={Study on Modern Political Practices},
  year={Year}
}

@article{comparativeDemocracy,
  title={Direct vs Representative Democracy: A Comparative Analysis},
  author={Author, A.},
  journal={Journal of Democracy Studies},
  year={Year},
  volume={Volume},
  number={Issue},
  pages={Pages}
}
@book{dahl,
  title={Polyarchy: Participation and Opposition},
  author={Dahl, Robert A.},
  year={1971},
  publisher={Yale University Press}
}

@book{federalist,
  title={The Federalist Papers},
  author={Hamilton, Alexander and Madison, James and Jay, John},
  year={1788},
  publisher={J. and A. McLean}
}

@article{comparativePolitics,
  title={Effectiveness and Challenges of Representative Democracy in the 21st Century},
  author={Author, A.},
  journal={Journal of Comparative Politics},
  year={Year},
  volume={Volume},
  number={Issue},
  pages={Pages}
}

@misc{democracyTheory,
  title={Contemporary Challenges in Representative Democracy},
  author={Author, A.},
  note={Study on Democratic Governance},
  year={Year}
}
@misc{textbook,
  title={Introduction to Economic Productivity},
  author={Author, A.},
  note={Economic Textbook},
  year={Year}
}

@book{fried,
  title={The Measurement of Productive Efficiency and Productivity Growth},
  editor={Fried, Harold O. and Lovell, C. A. Knox and Schmidt, Shelton S.},
  year={2008},
  publisher={Oxford University Press}
}

@misc{oecd,
  title={OECD Productivity Studies},
  author={Organisation for Economic Co-operation and Development},
  year={Year},
  note={Research Report}
}

@book{salter,
  title={Productivity and Technical Change},
  author={Salter, W. E. G.},
  year={1960},
  publisher={Cambridge University Press}
}

@article{technicalChange,
  title={The Impact of Technological Innovation on Productivity},
  author={Author, A.},
  journal={Journal of Economic Innovation},
  year={Year},
  volume={Volume},
  number={Issue},
  pages={Pages}
}
@misc{environmentalEconomics,
  title={Principles of Environmental Economics and Natural Resource Management},
  author={Author, A.},
  note={Literature Review},
  year={Year}
}

@book{limitsToGrowth,
  title={The Limits to Growth},
  author={Meadows, Donella H. and Meadows, Dennis L. and Randers, JÃ¸rgen and Behrens III, William W.},
  year={1972},
  publisher={Universe Books}
}

@misc{resourceEconomics,
  title={Advances in Resource Economics and Extraction Technologies},
  author={Author, A.},
  note={Research Paper},
  year={Year}
}

@article{technologyResourceExtraction,
  title={The Impact of Technological Advancements on Natural Resource Extraction},
  author={Author, A.},
  journal={Journal of Resource Management},
  year={Year},
  volume={Volume},
  number={Issue},
  pages={Pages}
}

@book{microTextbook,
  title={Introduction to Microeconomics},
  author={Author, A.},
  year={Year},
  publisher={Publisher}
}

@book{varian,
  title={Theory of Consumer Behavior and Welfare},
  author={Varian, Hal R.},
  year={Year},
  publisher={Publisher}
}

@article{consumerTheory,
  title={Advanced Consumer Theory},
  author={Author, A.},
  journal={Journal of Economic Perspectives},
  year={Year},
  volume={Volume},
  number={Issue},
  pages={Pages}
}

@misc{behavioralEconomics,
  title={Utility Functions in Behavioral Economics},
  author={Author, A.},
  note={Research Paper},
  year={Year}
}
@book{textbook,
  title={Introduction to Economics},
  author={Author, A.},
  year={Year},
  publisher={Publisher}
}

@book{advancedEconomics,
  title={Advanced Economic Theory},
  author={Author, A.},
  year={Year},
  publisher={Publisher}
}

@book{kahneman,
  title={Thinking, Fast and Slow},
  author={Kahneman, Daniel},
  year={2011},
  publisher={Farrar, Straus and Giroux}
}

@article{gameTheory,
  title={Game Theory and Market Design},
  author={Author, A.},
  journal={Journal of Economic Interaction},
  year={Year},
  volume={Volume},
  number={Issue},
  pages={Pages}
}

@misc{institutionalEconomics,
  title={The Role of Institutions in Economic Agent Behavior},
  author={Author, A.},
  note={Research Paper},
  year={Year}
}
@misc{economicSociology,
  title={Trust in Economic Sociology},
  author={Author, A.},
  note={Literature Review},
  year={Year}
}

@book{fukuyama,
  title={Trust: The Social Virtues and The Creation of Prosperity},
  author={Fukuyama, Francis},
  year={1995},
  publisher={Free Press}
}

@misc{sharingEconomy,
  title={Trust Mechanisms in the Sharing Economy},
  author={Author, A.},
  note={Research Article},
  year={Year}
}

@article{contractTheory,
  title={The Role of Trust in Contract Theory and Transactions},
  author={Author, A.},
  journal={Journal of Legal Studies},
  year={Year},
  volume={Volume},
  number={Issue},
  pages={Pages}
}

@book{osborne,
  title={An Introduction to Game Theory},
  author={Osborne, Martin J.},
  year={2004},
  publisher={Oxford University Press}
}

@article{nash,
  title={Non-Cooperative Games},
  author={Nash, John},
  journal={The Annals of Mathematics},
  volume={54},
  number={2},
  pages={286--295},
  year={1951},
  publisher={Princeton University}
}

@book{vonneumann,
  title={Theory of Games and Economic Behavior},
  author={Von Neumann, John and Morgenstern, Oskar},
  year={1944},
  publisher={Princeton University Press}
}

@book{schelling,
  title={The Strategy of Conflict},
  author={Schelling, Thomas C.},
  year={1960},
  publisher={Harvard University Press}
}
@book{schelling,
  title={The Strategy of Conflict},
  author={Schelling, Thomas C.},
  year={1960},
  publisher={Harvard University Press}
}

@book{axelrod,
  title={The Evolution of Cooperation},
  author={Axelrod, Robert},
  year={1984},
  publisher={Basic Books}
}

@misc{gameTheoryText,
  title={Foundations of Game Theory},
  author={Author, A.},
  note={Game Theory Textbook},
  year={Year}
}
@book{taleb2012antifragile,
  title={Antifragile: Things That Gain from Disorder},
  author={Taleb, Nassim Nicholas},
  year={2012},
  publisher={Random House}
}
@misc{textbookGrowth,
  title={Principles of Economic Growth},
  author={Author, A.},
  note={Economic Textbook},
  year={Year}
}

@book{meadowsLimits,
  title={The Limits to Growth},
  author={Meadows, Donella H. and Meadows, Dennis L. and Randers, JÃ¸rgen and Behrens III, William W.},
  year={1972},
  publisher={Universe Books}
}

@book{bookchinPostScarcity,
  title={Post-Scarcity Anarchism},
  author={Bookchin, Murray},
  year={1971},
  publisher={Ramparts Press}
}

@misc{degrowthResearch,
  title={Exploring the Concept of Degrowth},
  author={Author, A.},
  note={Research Article},
  year={Year}
}
@book{Stallings2016,
  title={Computer Organization and Architecture},
  author={Stallings, William},
  year={2016},
  publisher={Pearson}
}

@book{HennessyPatterson2017,
  title={Computer Architecture: A Quantitative Approach},
  author={Hennessy, John L. and Patterson, David A.},
  year={2017},
  edition={6},
  publisher={Morgan Kaufmann}
}

@article{Mack2011,
  title={Fifty Years of Moore's Law},
  author={Mack, Chris A.},
  journal={IEEE Transactions on Semiconductor Manufacturing},
  volume={24},
  number={2},
  pages={202--207},
  year={2011},
  publisher={IEEE}
}
@book{Sommerville2016,
  title={Software Engineering},
  author={Sommerville, Ian},
  year={2016},
  edition={10},
  publisher={Pearson}
}

@book{Pressman2014,
  title={Software Engineering: A Practitioner's Approach},
  author={Pressman, Roger S. and Maxim, Bruce R.},
  year={2014},
  edition={8},
  publisher={McGraw-Hill Education}
}

@book{Ensmenger2012,
  title={The Computer Boys Take Over: Computers, Programmers, and the Politics of Technical Expertise},
  author={Ensmenger, Nathan},
  year={2012},
  publisher={The MIT Press}
}
@book{TanenbaumWoodhull2006,
  title={Operating Systems: Design and Implementation},
  author={Tanenbaum, Andrew S. and Woodhull, Albert S.},
  year={2006},
  edition={3},
  publisher={Prentice Hall}
}

@book{SilberschatzGalvinGagne2018,
  title={Operating System Concepts},
  author={Silberschatz, Abraham and Galvin, Peter B. and Gagne, Greg},
  year={2018},
  edition={10},
  publisher={Wiley}
}
@book{RussellNorvig2020,
  title={Artificial Intelligence: A Modern Approach},
  author={Russell, Stuart J. and Norvig, Peter},
  year={2020},
  edition={4},
  publisher={Pearson}
}

@article{KaplanHaenlein2019,
  title={Siri, Siri, in my hand: Whoâs the fairest in the land? On the interpretations, illustrations, and implications of artificial intelligence},
  author={Kaplan, Andreas and Haenlein, Michael},
  journal={Business Horizons},
  volume={62},
  number={1},
  pages={15--25},
  year={2019},
  publisher={Elsevier}
}
@book{Bishop2006,
  title={Pattern Recognition and Machine Learning},
  author={Bishop, Christopher M.},
  year={2006},
  publisher={Springer}
}

@article{JordanMitchell2015,
  title={Machine learning: Trends, perspectives, and prospects},
  author={Jordan, Michael I. and Mitchell, Tom M.},
  journal={Science},
  volume={349},
  number={6245},
  pages={255--260},
  year={2015},
  publisher={American Association for the Advancement of Science}
}
@article{LeCunBengioHinton2015,
  title={Deep learning},
  author={LeCun, Yann and Bengio, Yoshua and Hinton, Geoffrey},
  journal={Nature},
  volume={521},
  number={7553},
  pages={436--444},
  year={2015},
  publisher={Nature Publishing Group}
}

@book{GoodfellowBengioCourville2016,
  title={Deep Learning},
  author={Goodfellow, Ian and Bengio, Yoshua and Courville, Aaron},
  year={2016},
  publisher={MIT Press}
}
@article{DoshiVelezKim2017,
  title={Towards A Rigorous Science of Interpretable Machine Learning},
  author={Doshi-Velez, Finale and Kim, Been},
  year={2017},
  journal={arXiv preprint arXiv:1702.08608}
}

@article{Rudin2019,
  title={Stop explaining black box machine learning models for high stakes decisions and use interpretable models instead},
  author={Rudin, Cynthia},
  journal={Nature Machine Intelligence},
  volume={1},
  number={5},
  pages={206--215},
  year={2019},
  publisher={Nature Publishing Group}
}
@book{Russell2019,
  title={Human Compatible: Artificial Intelligence and the Problem of Control},
  author={Russell, Stuart},
  year={2019},
  publisher={Viking}
}

@article{AmodeiOlah2016,
  title={Concrete Problems in AI Safety},
  author={Amodei, Dario and Olah, Chris and Steinhardt, Jacob and Christiano, Paul and Schulman, John and ManÃ©, Dan},
  journal={arXiv preprint arXiv:1606.06565},
  year={2016}
}
@book{Raymond1999,
  title={The Cathedral and the Bazaar: Musings on Linux and Open Source by an Accidental Revolutionary},
  author={Raymond, Eric S.},
  year={1999},
  publisher={O'Reilly Media}
}

@book{Weber2004,
  title={The Success of Open Source},
  author={Weber, Steven},
  year={2004},
  publisher={Harvard University Press}
}

@article{KaplanEtAl2020,
  title={Scaling Laws for Neural Language Models},
  author={Kaplan, Jared and McCandlish, Sam and Henighan, Tom and Brown, Tom B and Chess, Benjamin and Child, Rewon and Gray, Scott and Radford, Alec and Wu, Jeffrey and Amodei, Dario},
  journal={arXiv preprint arXiv:2001.08361},
  year={2020}
}

@article{ThompsonEtAl2020,
  title={The Computational Limits of Deep Learning},
  author={Thompson, Neil C and Greenewald, Kristjan and Lee, Keeheon and Manso, Gabriel F},
  journal={arXiv preprint arXiv:2007.05558},
  year={2020}
}
@misc{huggingfaceLMSysChatbot,
	author = {},
	title = {{L}{M}{S}ys {C}hatbot {A}rena {L}eaderboard - a {H}ugging {F}ace {S}pace by lmsys --- huggingface.co},
	howpublished = {\url{https://huggingface.co/spaces/lmsys/chatbot-arena-leaderboard}},
	year = {},
	note = {[Accessed 16-02-2024]},
}
@misc{semianalysisGoogleHave,
	author = {Dylan Patel},
	title = {{G}oogle "{W}e {H}ave {N}o {M}oat, {A}nd {N}either {D}oes {O}pen{A}{I}" --- semianalysis.com},
	howpublished = {\url{https://www.semianalysis.com/p/google-we-have-no-moat-and-neither}},
	year = {},
	note = {[Accessed 16-02-2024]},
}
@article{ChengEtAl2017,
  title={A Survey of Model Compression and Acceleration for Deep Neural Networks},
  author={Cheng, Yu and Wang, Duo and Zhou, Pan and Zhang, Tao},
  journal={arXiv preprint arXiv:1710.09282},
  year={2017}
}

@article{HintonVinyalsDean2015,
  title={Distilling the Knowledge in a Neural Network},
  author={Hinton, Geoffrey and Vinyals, Oriol and Dean, Jeff},
  journal={arXiv preprint arXiv:1503.02531},
  year={2015}
}
@article{Nakamoto2008,
  title={Bitcoin: A Peer-to-Peer Electronic Cash System},
  author={Nakamoto, Satoshi},
  year={2008},
  publisher={Bitcoin.org}
}

@book{Swan2015,
  title={Blockchain: Blueprint for a New Economy},
  author={Swan, Melanie},
  year={2015},
  publisher={O'Reilly Media}
}
@misc{Szabo1997,
  title={Formalizing and Securing Relationships on Public Networks},
  author={Szabo, Nick},
  year={1997},
  note={First Monday, Volume 2, Number 9 - 1 September 1997}
}

@misc{Buterin2014DAO,
  title={DAOs, DACs, DAs and More: An Incomplete Terminology Guide},
  author={Buterin, Vitalik},
  year={2014},
  note={Ethereum Blog}
}
@book{RussellNorvig2020,
  title={Artificial Intelligence: A Modern Approach},
  author={Russell, Stuart J. and Norvig, Peter},
  year={2020},
  edition={4},
  publisher={Pearson}
}

@book{Wooldridge2009,
  title={An Introduction to MultiAgent Systems},
  author={Wooldridge, Michael},
  year={2009},
  edition={2},
  publisher={John Wiley & Sons}
}
@book{mankiw_principles_2020,
  title={Principles of Economics},
  author={Mankiw, N. Gregory},
  year={2020},
  publisher={Cengage Learning}
}

@book{russell_artificial_2021,
  title={Artificial Intelligence: A Modern Approach},
  author={Russell, Stuart J. and Norvig, Peter},
  edition={4},
  year={2021},
  publisher={Pearson}
}
@book{goodfellow_deep_2016,
  title={Deep Learning},
  author={Goodfellow, Ian and Bengio, Yoshua and Courville, Aaron},
  year={2016},
  publisher={MIT Press}
}

@book{varian_microeconomic_2014,
  title={Microeconomic Analysis},
  author={Varian, Hal R.},
  edition={3},
  year={2014},
  publisher={W. W. Norton & Company}
}
@article{ochsner_decentralization_2017,
  title={Decentralization and Economic Performance},
  author={Ochsner, Christian and Roesel, Felix},
  journal={Journal of Economic Surveys},
  volume={31},
  number={3},
  pages={1097-1120},
  year={2017},
  publisher={Wiley}
}

@book{tanenbaum_distributed_2017,
  title={Distributed Systems: Principles and Paradigms},
  author={Tanenbaum, Andrew S. and Van Steen, Maarten},
  edition={3},
  year={2017},
  publisher={CreateSpace Independent Publishing Platform}
}
@article{Rockstrom2009,
  title={Planetary Boundaries: Exploring the Safe Operating Space for Humanity},
  author={Johan RockstrÃ¶m and others},
  journal={Ecology and Society},
  year={2009},
  volume={14},
  number={2}
}

@book{Sachs2015,
  title={The Age of Sustainable Development},
  author={Jeffrey D. Sachs},
  year={2015},
  publisher={Columbia University Press}
}

@report{GreatTransition,
  title={The Great Transition: The Promise and Lure of the Times Ahead},
  author={Raskin, Paul and others},
  institution={Stockholm Environment Institute},
  year={2002}
}

@article{UrgencyClimateAction,
  title={World Scientistsâ Warning of a Climate Emergency},
  author={William J. Ripple and others},
  journal={BioScience},
  year={2020},
  volume={70},
  number={1},
  pages={8-12}
}

@misc{SystemicSolutions,
  title={Towards systemic and adaptive governance: Exploring the revealing and concealing aspects of contemporary social-learning metaphors},
  author={Folke, Carl and Hahn, Thomas and Olsson, Per and Norberg, Jon},
  year={2005},
  publisher={Ecology and Society}
}
@book{Taleb2012,
  title={Antifragile: Things That Gain from Disorder},
  author={Nassim Nicholas Taleb},
  year={2012},
  publisher={Random House}
}

@article{FinancialCrisis2008,
  title={The Financial Crisis and the Policy Responses: An Empirical Analysis of What Went Wrong},
  author={John B. Taylor},
  journal={National Bureau of Economic Research},
  year={2009},
  type={Working Paper},
  number={14631}
}

@article{SystemicRisks,
  title={Systemic Risk and Systemic Value in the Resilience of Financial Systems},
  author={May, Robert M. and Levin, Simon A. and Sugihara, George},
  journal={Science},
  year={2008},
  volume={338},
  number={6103},
  pages={347-351}
}

@misc{ResilienceStrategies,
  title={Building a Resilient Economy for the 21st Century},
  author={Zenghelis, Dimitri},
  year={2020},
  institution={Centre for Economic Performance, London School of Economics}
}

@article{RegulatoryFrameworks,
  title={Regulatory Responses to the Financial Crisis: An Interim Assessment},
  author={Evanoff, Douglas D. and Holthausen, Cornelia and Kaufman, George G. and Kremer, Manfred},
  journal={Financial Markets, Institutions & Instruments},
  year={2012},
  volume={21},
  number={3},
  pages={151-186}
}
@book{Piketty2014,
  title={Capital in the Twenty-First Century},
  author={Thomas Piketty},
  year={2014},
  publisher={Harvard University Press}
}

@book{Sen1999,
  title={Development as Freedom},
  author={Amartya Sen},
  year={1999},
  publisher={Oxford University Press}
}

@book{Ostrom1990,
  title={Governing the Commons: The Evolution of Institutions for Collective Action},
  author={Elinor Ostrom},
  year={1990},
  publisher={Cambridge University Press}
}

@book{Schumacher1973,
  title={Small is Beautiful: A Study of Economics as if People Mattered},
  author={E.F. Schumacher},
  year={1973},
  publisher={Blond & Briggs}
}

@article{FAO2019,
  title={The State of Food Security and Nutrition in the World 2019},
  author={Food and Agriculture Organization of the United Nations},
  year={2019},
  journal={FAO},
  url={http://www.fao.org/publications/sofi/2019/en/}
}

@report{UNHabitat2020,
  title={World Cities Report 2020: The Value of Sustainable Urbanization},
  author={United Nations Human Settlements Programme},
 
@book{Pinker2011,
  title={The Better Angels of Our Nature: Why Violence Has Declined},
  author={Steven Pinker},
  year={2011},
  publisher={Viking}
}

@misc{WeinsteinPodcast,
  author={Eric Weinstein},
  title={Discussion on the Dynamics of Global Tension and Violence},
  howpublished={Podcast discussion},
  note={As podcasts are not traditional academic sources, this reference is based on personal communication or similar},
  year={Date of Podcast}
}

@article{NuclearDeterrence,
  title={Reassessing the Implications of Mutually Assured Destruction},
  author={Author(s) Pertaining to the Field of Nuclear Deterrence Theory},
  journal={Journal of Strategic Studies},
  year={Year of Publication},
  volume={Volume Number},
  issue={Issue Number},
  pages={Page Numbers}
}
@article{Hardin1968,
  title={The Tragedy of the Commons},
  author={Garrett Hardin},
  journal={Science},
  year={1968},
  volume={162},
  number={3859},
  pages={1243-1248}
}

@book{IPCC2014,
  title={Climate Change 2014: Synthesis Report. Contribution of Working Groups I, II and III to the Fifth Assessment Report of the Intergovernmental Panel on Climate Change},
  author={IPCC},
  year={2014},
  publisher={IPCC}
}

@report{FAO2020,
  title={The State of World Fisheries and Aquaculture 2020},
  author={Food and Agriculture Organization of the United Nations},
  year={2020},
  institution={FAO},
  url={http://www.fao.org/3/ca9229en/ca9229en.pdf}
}

@report{WorldBank2019,
  title={Turmoil and Triumph: The Contested Landscape of Water Governance and the Path to Policy Reform},
  author={The World Bank},
  year={2019},
  institution={The World Bank},
  url={https://www.worldbank.org/en/topic/water/publication/turmoil-and-triumph-the-contested-landscape-of-water-governance-and-the-path-to-policy-reform}
}

@book{Ostrom1990,
  title={Governing the Commons: The Evolution of Institutions for Collective Action},
  author={Elinor Ostrom},
  year={1990},
  publisher={Cambridge University Press}
}

@article{noMoat,
    title = {Google "We Have No Moat, And Neither Does OpenAI"},
    url = {https://www.semianalysis.com/p/google-we-have-no-moat-and-neither},
    author = {Patel, Dylan and Ahmad, Afzal},
    year = {2023},
    day = {4},
    month = {May},
    publisher = {SemiAnalysis}
}
@book{Fukuyama2011Origins,
  title={The Origins of Political Order: From Prehuman Times to the French Revolution},
  author={Fukuyama, Francis},
  year={2011},
  publisher={Farrar, Straus and Giroux}
}

@book{Smith1776Wealth,
  title={An Inquiry into the Nature and Causes of the Wealth of Nations},
  author={Smith, Adam},
  volume={1},
  year={1776},
  publisher={W. Strahan and T. Cadell, London}
}

@book{Diamond1997Guns,
  title={Guns, Germs, and Steel: The Fates of Human Societies},
  author={Diamond, Jared},
  year={1997},
  publisher={W.W. Norton \& Company}
}

@book{Tegmark2017Life,
  title={Life 3.0: Being Human in the Age of Artificial Intelligence},
  author={Tegmark, Max},
  year={2017},
  publisher={Knopf}
}
@article{panzade2024can,
  title={I can't see it but I can Fine-tune it: On Encrypted Fine-tuning of Transformers using Fully Homomorphic Encryption},
  author={Panzade, Prajwal and Takabi, Daniel and Cai, Zhipeng},
  journal={arXiv preprint arXiv:2402.09059},
  year={2024}
}
@article{borzunov2022petals,
  title = {Petals: Collaborative Inference and Fine-tuning of Large Models},
  author = {Borzunov, Alexander and Baranchuk, Dmitry and Dettmers, Tim and Ryabinin, Max and Belkada, Younes and Chumachenko, Artem and Samygin, Pavel and Raffel, Colin},
  journal = {arXiv preprint arXiv:2209.01188},
  year = {2022},
  url = {https://arxiv.org/abs/2209.01188}
}
@article{li2024accelerating,
  title={Accelerating Distributed Deep Learning using Lossless Homomorphic Compression},
  author={Li, Haoyu and Xu, Yuchen and Chen, Jiayi and Dwivedula, Rohit and Wu, Wenfei and He, Keqiang and Akella, Aditya and Kim, Daehyeok},
  journal={arXiv preprint arXiv:2402.07529},
  year={2024}
}
@book{Hobsbawm1996Age,
  title={The Age of Revolution: Europe 1789-1848},
  author={Hobsbawm, Eric J.},
  year={1996},
  publisher={Vintage}
}

@book{Landes2003Unbound,
  title={The Unbound Prometheus: Technological Change and Industrial Development in Western Europe from 1750 to the Present},
  author={Landes, David S.},
  year={2003},
  publisher={Cambridge University Press}
}
@article{tegmark2023provably,
  title={Provably safe systems: the only path to controllable agi},
  author={Tegmark, Max and Omohundro, Steve},
  journal={arXiv preprint arXiv:2309.01933},
  year={2023}
}